<?xml version="1.0" encoding="UTF-8"?><collection><record><leader>08004ntm a2200565 a 4500</leader><controlfield tag="001">006795778</controlfield><controlfield tag="003">MiAaHDL</controlfield><controlfield tag="005">20190719000000.0</controlfield><controlfield tag="006">m        d        </controlfield><controlfield tag="007">cr bn ---auaua</controlfield><controlfield tag="008">090521m132717uuxx            00| ||ara d</controlfield><datafield tag="035" ind1=" " ind2=" "><subfield code="a">(MiU)006795778</subfield></datafield><datafield tag="035" ind1=" " ind2=" "><subfield code="a">sdr-miu006795778</subfield></datafield><datafield tag="040" ind1=" " ind2=" "><subfield code="a">MiU</subfield><subfield code="c">MiU</subfield><subfield code="e">amremm</subfield></datafield><datafield tag="043" ind1=" " ind2=" "><subfield code="a">n-us-mi</subfield><subfield code="a">ff-----</subfield><subfield code="a">aw-----</subfield><subfield code="a">e-sp---</subfield></datafield><datafield tag="245" ind1="0" ind2="0"><subfield code="6">880-03</subfield><subfield code="a">[Talismanic scroll with metal case,</subfield><subfield code="f">727?, i.e. 1327? and 18th century?].</subfield></datafield><datafield tag="260" ind1=" " ind2=" "><subfield code="c">[1327? and 17--?].</subfield></datafield><datafield tag="300" ind1=" " ind2=" "><subfield code="a">1 roll :</subfield><subfield code="b">paper ;</subfield><subfield code="c">(4425 x 104-112 mm) +</subfield><subfield code="e">1 metal case (145 x 54 mm).</subfield></datafield><datafield tag="500" ind1=" " ind2=" "><subfield code="a">Shelfmark: Ann Arbor, University of Michigan, Special Collections Library, Isl. Ms. 220</subfield></datafield><datafield tag="500" ind1=" " ind2=" "><subfield code="a">Origin: As appears in colophon at end of roll, main section copied by Ḥusayn Ibrāhīm ibn Muḥammad al-Ḥusaynī al-Khurāsānī with transcription completed in Dhū al-Ḥijjah 727 [?] [October-November 1327?] ; opening section (and repairs to main section) certainly much later than main section, perhaps 18th or 19th century.</subfield></datafield><datafield tag="500" ind1=" " ind2=" "><subfield code="a">Accompanying material: a. Metal case in the form of a cylinder decorated with incised diamond pattern with lid (only slightly convex) ; case retains one ring through which a cord may have passed, a second ring has been lost -- b. Waxy, brown oil cloth now in two pieces which once wrapped roll inside case.</subfield></datafield><datafield tag="500" ind1=" " ind2=" "><subfield code="a">Support: Each section in a distinct paper type ; opening section (first 895 mm., roughly 104-107 mm. wide, three pieces of paper) in type with roughly 10-11 laid lines per cm. (parallel with the length of the roll, fairly distinct) and no chain lines or watermarks plainly visible, dense and sturdy, burnished ; bulk of roll (roughly 3530 mm., 110-112 mm. wide, at least six pieces of paper) on a non-European (likely Persian) paper, highly sized and burnished, reinforced with further paper backing and repairs.</subfield></datafield><datafield tag="500" ind1=" " ind2=" "><subfield code="a">Decoration: Text of opening section bordered by red double-rule border, table / jadwal with ninety-nine names ruled in red, border texts defined by red rules, openings with depiction of the "seal of prophecy" (مهر نبوت) here "صوره مهر نبوت حضرت رسالت پناهی" ; main section opens with a long cartouche (oriented along the length of the roll) with illuminated heading "اسماء الله تعالى" in thuluth and basmalah in plaited and knotted kufic, a central field filled with floral and vegetal designs executed in micrography, bordering lozenges and alternating circles filled with further micrography (mainly chrysographed, some in blue and black) and Qurʼānic texts in large tawqīʻ approaching thuluth (chrysographed), and further border of rubricated Qurʼānic text in fine riqāʻ ; an even longer cartouche appears next, with illuminated headings for each of several sections ("من اسماء الله تعالى نودونه نام،" "هذا دعاء حرز الاماني،" اسماء الاربعون") which are each in a different layout incorporating the nintey-nine names, Qurʼānic and prayer texts in ghubār, naskh, thuluth, tawqīʻ, etc. in gold, red, black and some blue in a highly symmetrical fashion, with the various elements defined by heavy bands of gold flanked by red double-rules.</subfield></datafield><datafield tag="500" ind1=" " ind2=" "><subfield code="a">Script: [opening section] Naskh and tawqīʻ ; [main section] Naskh, thuluth, tawqīʻ, riqāʻ, ghubār, plaited and knotted kufic.</subfield></datafield><datafield tag="500" ind1=" " ind2=" "><subfield code="a">Layout: [opening section] central written area in a single column (text written perpendicular to length of the roll) bordered in Qurʼānic and ḥadīth texts along the length of the roll, ninety-nine names arranged in a ruled table / jadwal (five cells wide by twenty cells tall), text following the heading for "the prayer of the bāzūband" ("دعا بازوبند حضرت شاه ولايت پناه") in 26 lines ; [main section] an elaborate arrangement of text consisting of a central narrow panel filled with text first arranged in a series of diagonal arrays (each read across in a zig-zag fashion), next in a series of five circles executed in micrography, and finally in rectangular fields of roughly nine horizontal lines, all interspersed with headings and surrounded by two heavy borders of cartouches, circles and rectangles filled with Qurʼānic and prayer texts in various scripts, closing with dedication and colophon.</subfield></datafield><datafield tag="500" ind1=" " ind2=" "><subfield code="a">Dedication: "اللهم وخل بدخلك [؟] دوله الامير الاعدل الاعظم الاعلم الاشجع الاكرم سلطان الامراء في العالم انك دولت همه از دولت اوحي طلبنا والملك العادل ... خلد الله تعالى ملكه ودولته الى يوم الدين"</subfield></datafield><datafield tag="500" ind1=" " ind2=" "><subfield code="a">Colophon: "كتبه العبد حسين ابراهيم ابن محمد الحسيني الخراساني في ذي الحجة سنه سبع وعشرين وسبعمائة [؟]"</subfield></datafield><datafield tag="500" ind1=" " ind2=" "><subfield code="a">Incipit: "صوره مهر نبوت حضرت رسالت پناهی ..."</subfield></datafield><datafield tag="500" ind1=" " ind2=" "><subfield code="a">Title supplied by cataloguer.</subfield></datafield><datafield tag="500" ind1=" " ind2=" "><subfield code="a">Ms. roll.</subfield></datafield><datafield tag="505" ind1="0" ind2=" "><subfield code="a">[main section] اسماء الله تعالى -- من اسماء الله تعالى نودونه نام -- هذا دعاء حرز الاماني -- اسماء الاربعون</subfield></datafield><datafield tag="505" ind1="0" ind2=" "><subfield code="a">[opening section] صوره مهر نبوت حضرت رسالت پناهی -- نودونه نام باری تعالی -- دعا بازوبند حضرت شاه ولایت پناه</subfield></datafield><datafield tag="510" ind1="4" ind2=" "><subfield code="a">Coffey, Heather. "Between amulet and devotion: Islamic miniature books in the Lilly Library." In The Islamic manuscript tradition: ten centuries of book arts in Indiana University collections. Ed. Christiane Gruber, (Bloomington: Indiana University Press, 2010):</subfield><subfield code="c">78-115 (esp. pp.93-95 and note 47)</subfield></datafield><datafield tag="510" ind1="4" ind2=" "><subfield code="a">Al-Saleh, Yasmine. "Amulets and Talismans from the Islamic World". In Heilbrunn Timeline of Art History. (New York: The Metropolitan Museum of Art, 2000–),</subfield><subfield code="c">November 2010</subfield></datafield><datafield tag="510" ind1="4" ind2=" "><subfield code="a">Savage-Smith, Emilie. "Amulets and related talismanic objects," Science, tools and magic. Nasser D. Khalili Collection of Islamic Art , vol. 12 (London: Nour Foundation, in association with Azimuth Editions and Oxford University Press, 1997):</subfield><subfield code="c">132-147</subfield></datafield><datafield tag="510" ind1="4" ind2=" "><subfield code="a">Turks : a journey of a thousand years, 600-1600. David J. Roxburgh, ed. (London : Royal Academy of Arts, c2005):</subfield><subfield code="c">nos. 290-291, pp.321, 450-451</subfield></datafield><datafield tag="520" ind1="8" ind2=" "><subfield code="a">Composite talismanic scroll (rotulus, i.e. opening vertically) consisting of two sections of distinct production, now joined. Originally wrapped in oil cloth and housed in metal case.</subfield></datafield><datafield tag="538" ind1=" " ind2=" "><subfield code="a">Mode of access: Internet.</subfield></datafield><datafield tag="541" ind1=" " ind2=" "><subfield code="c">Purchase ;</subfield><subfield code="a">Acquired by purchase (funds donated by Horace Rackham).</subfield><subfield code="d">1924.</subfield></datafield><datafield tag="546" ind1=" " ind2=" "><subfield code="a">Arabic and Persian.</subfield></datafield><datafield tag="561" ind1=" " ind2=" "><subfield code="a">On reverse at end of roll, a partially effaced prayer in the hand of the copyist of the opening section "... على فتح الهمات وعلى دفع البليات وعلى شر الساحر والساحرة وعلى شر جميع الخلايق بحق هذا الاسماء الاعظام" ; also on reverse at end of roll, an ownership statement in the name of one Yūsuf, "صاحبى ومالك يوسف ..." ; repairs to main section, in particular those supplying lost text, likely performed when two sections were joined (hands quite similar).</subfield></datafield><datafield tag="650" ind1=" " ind2="0"><subfield code="a">Manuscripts, Persian</subfield><subfield code="z">Michigan</subfield><subfield code="z">Ann Arbor.</subfield></datafield><datafield tag="650" ind1=" " ind2="0"><subfield code="a">Manuscripts, Arabic</subfield><subfield code="z">Michigan</subfield><subfield code="z">Ann Arbor.</subfield></datafield><datafield tag="650" ind1=" " ind2="0"><subfield code="a">Amulets (Islam)</subfield></datafield><datafield tag="650" ind1=" " ind2="0"><subfield code="a">Talismans</subfield><subfield code="z">Islamic Empire</subfield></datafield><datafield tag="700" ind1="0" ind2=" "><subfield code="a">Abdülhamid</subfield><subfield code="b">II,</subfield><subfield code="c">Sultan of the Turks,</subfield><subfield code="d">1842-1918,</subfield><subfield code="e">former owner.</subfield></datafield><datafield tag="700" ind1="0" ind2=" "><subfield code="6">880-05</subfield><subfield code="a">Ḥusayn Ibrāhīm ibn Muḥammad al-Ḥusaynī al-Khurāsānī,</subfield><subfield code="d">fl. 1327,</subfield><subfield code="e">scribe.</subfield></datafield><datafield tag="773" ind1="0" ind2=" "><subfield code="a">Abdul Hamid Collection.</subfield></datafield><datafield tag="880" ind1="0" ind2=" "><subfield code="6">700-05/</subfield><subfield code="a">حسين ابراهيم ابن محمد الحسيني الخراساني،</subfield><subfield code="e">ناسخ.</subfield></datafield><datafield tag="880" ind1="0" ind2="0"><subfield code="6">245-03/</subfield><subfield code="a">[طومار مع غلاف معدني,</subfield><subfield code="f">727ه او 1327م؟ و قرن 18م؟].</subfield></datafield><datafield tag="CID" ind1=" " ind2=" "><subfield code="a">006795778</subfield></datafield><datafield tag="DAT" ind1="0" ind2=" "><subfield code="a">20190719102636.0</subfield><subfield code="b">20190719000000.0</subfield></datafield><datafield tag="DAT" ind1="1" ind2=" "><subfield code="a">20190719090653.0</subfield><subfield code="b">2019-07-19T16:10:28Z</subfield></datafield><datafield tag="DAT" ind1="2" ind2=" "><subfield code="a">2015-10-10T18:00:06Z</subfield></datafield><datafield tag="CAT" ind1=" " ind2=" "><subfield code="a">SDR-MIU</subfield><subfield code="d">EX LIBRIS - ALEPH</subfield><subfield code="l">prepare.pl-004-008</subfield></datafield><datafield tag="FMT" ind1=" " ind2=" "><subfield code="a">BK</subfield></datafield><datafield tag="HOL" ind1=" " ind2=" "><subfield code="0">sdr-miu006795778</subfield><subfield code="a">MiU</subfield><subfield code="b">SDR</subfield><subfield code="c">MIU</subfield><subfield code="p">mdp.39015079126218</subfield><subfield code="s">MIU</subfield><subfield code="1">006795778</subfield></datafield><datafield tag="974" ind1=" " ind2=" "><subfield code="b">MIU</subfield><subfield code="c">MIU</subfield><subfield code="d">20190719</subfield><subfield code="s">lit-dlps-dc</subfield><subfield code="u">mdp.39015079126218</subfield><subfield code="y">1799</subfield><subfield code="r">pd</subfield><subfield code="q">bib</subfield><subfield code="t">non-US bib date2, date type m &lt; 1879</subfield></datafield></record></collection>